@article{ExDARK,
title={Getting to Know Low-light Images with The Exclusively Dark Dataset},
author={Loh, Yuen Peng and Chan, Chee Seng},
journal={Computer Vision and Image Understanding},
volume={178},
publisher={ELSEVIER},
pages={1},
year={2019},
DOI={10.1016/j.cviu.2018.10.010}
}

@article{ResNet50,
title={Deep Residual Learning for Image Recognition},
author={He, Kaiming and Zhang, Xiangyu and Ren, Shaoqing and Sun, Jian},
journal={Proceedings of the IEEE conference on computer vision and pattern recognition},
publisher={IEEE},
pages={770--778},
year={2016},
DOI={10.1109/CVPR.2016.90}
}

@article{VGG19,
title={Very Deep Convolutional Networks for Large-Scale Image Recognition},
author={Simonyan, Karen and Zisserman, Andrew},
journal={Computer Vision and Pattern Recognition (CVPR)},
publisher={arXiv},
year={2015},
DOI={10.48550/arXiv.1409.1556}
}

@article{ImageNet,
title={ImageNet: A large-scale hierarchical image database},
author={Deng, Jia and Dong, Wei and Socher, Richard and Li, Li-Jia and Li, Kai and Fei-Fei, Li},
journal={2009 IEEE Conference on Computer Vision and Pattern Recognition},
publisher={IEEE},
pages={248--255},
year={2009},
DOI={10.1109/CVPR.2009.5206848}
}
